<record><leader>00000cas a22000007a 4500</leader><controlfield tag="001">12375104</controlfield><controlfield tag="008">850812c19719999paudn ne      0    0eng d</controlfield><datafield ind1=" " ind2=" " tag="010"><subfield code="a">sn 85054733 </subfield></datafield><datafield ind1=" " ind2=" " tag="040"><subfield code="a">NPH</subfield><subfield code="b">eng</subfield><subfield code="c">NPH</subfield><subfield code="d">OCLCQ</subfield></datafield><datafield ind1=" " ind2=" " tag="042"><subfield code="a">msc</subfield></datafield><datafield ind1="0" ind2=" " tag="130"><subfield code="a">Express (Lock Haven, Pa. : 1971)</subfield></datafield><datafield ind1="1" ind2="4" tag="245"><subfield code="a">The express.</subfield></datafield><datafield ind1="1" ind2="3" tag="246"><subfield code="a">Express with the Jersey Shore evening news</subfield></datafield><datafield ind1=" " ind2=" " tag="260"><subfield code="a">Lock Haven, Pa. :</subfield><subfield code="b">Lock Haven Express Print. Co.,</subfield><subfield code="c">1971-</subfield></datafield><datafield ind1=" " ind2=" " tag="300"><subfield code="a">v.</subfield></datafield><datafield ind1=" " ind2=" " tag="310"><subfield code="a">Daily (except Sunday)</subfield></datafield><datafield ind1="0" ind2=" " tag="362"><subfield code="a">Vol. 90, no. 201 (Oct. 23, 1971)-</subfield></datafield><datafield ind1=" " ind2=" " tag="752"><subfield code="a">United States</subfield><subfield code="b">Pennsylvania</subfield><subfield code="c">Clinton</subfield><subfield code="d">Lock Haven.</subfield></datafield><datafield ind1="0" ind2="0" tag="780"><subfield code="t">Express with the Jersey Shore evening news</subfield><subfield code="w">(DLC)sn 85054732</subfield></datafield></record>